@STRING{ICRA = {Proceedings of the {IEEE} International Conference on Robotics and
	Automation ({ICRA})}}

@STRING{IROS = {Proceedings of the {IEEE} International Conference on Intelligent
	Robots and Systems ({IROS})}}

@INPROCEEDINGS{Sahin:04,
  author =	 {\c{S}ahin, Erol},
  title =	 {Swarm robotics: from sources of inspiration to
                  domains of application},
  booktitle =	 {Proc. of the Int. Conf. on Swarm Robotics ({SAB})},
  year =	 2005,
  pages =	 {10--20},
  address =	 {Berlin, Heidelberg},
  publisher =	 {Springer-Verlag},
  location =	 {Santa Monica, CA},
  numpages =	 11
}

@INPROCEEDINGS{Abe:01,
  author =	 {Abe, Y. and Yoshiki, M.},
  title =	 {Collision avoidance method for multiple autonomous
                  mobile agents by implicit cooperation},
  booktitle =	 IROS,
  year =	 2001,
  volume =	 3,
  pages =	 {1207 -- 1212}
}

@INPROCEEDINGS{Alonso:12,
  author =	 {Alonso-Mora, J. and Breitenmoser, A. and Beardsley,
                  P. and Siegwart, R.},
  title =	 {Reciprocal collision avoidance for multiple car-like
                  robots},
  booktitle =	 ICRA,
  year =	 2012,
  pages =	 {360--366},
  month =	 may,
  doi =		 {10.1109/ICRA.2012.6225166},
  issn =	 {1050-4729}
}

@INPROCEEDINGS{Alonso:10,
  author =	 {J Alonso-Mora and A Breitenmoser and M Rufli and P
                  Beardsley and R Siegwart},
  title =	 {Optimal Reciprocal Collision Avoidance for Multiple
                  Non-Holonomic Robots},
  booktitle =	 {Proceedings of the 10\textsuperscript{th}
                  International Symposium on Distributed Autonomous
                  Robotic Systems},
  year =	 2010,
  month =	 nov
}

@INPROCEEDINGS{Balch:00,
  author =	 {Balch, T. and Hybinette, M.},
  title =	 {Social potentials for scalable multirobot
                  formations},
  booktitle =	 ICRA,
  year =	 2000,
  pages =	 {73--80}
}

@ARTICLE{Barnes:09,
  author =	 {Barnes, L.E. and Fields, M.A. and Valavanis, K.P.},
  title =	 {Swarm Formation Control Utilizing Elliptical
                  Surfaces and Limiting Functions},
  journal =	 {IEEE Transactions on Systems, Man, and Cybernetics,
                  Part B: Cybernetics},
  year =	 2009,
  volume =	 39,
  pages =	 {1434--1445},
  number =	 6,
  month =	 dec
}

@ARTICLE{Belta:04,
  author =	 {Belta, C. and Kumar, V.},
  title =	 {Abstraction and control for Groups of robots},
  journal =	 {IEEE Transactions on Robotics},
  year =	 2004,
  volume =	 20,
  pages =	 {865--875},
  number =	 5,
  month =	 oct
}

@INPROCEEDINGS{Belta:03,
  author =	 {Belta, C. and Pereira, G.A.S. and Kumar, V.},
  title =	 {Control of a team of car-like robots using
                  abstractions},
  booktitle =	 {Proceedings of the 42\textsuperscript{nd} IEEE
                  Conference on Decision and Control},
  year =	 2003,
  volume =	 2,
  pages =	 {1520--1525},
  month =	 dec,
  __markedentry ={[vgs:6]},
  owner =	 {vgs},
  timestamp =	 {2013.06.06}
}

@ARTICLE{Bennewitz:02,
  author =	 {Bennewitz, M. and Burgard, W. and Thrun, S.},
  title =	 {Finding and Optimizing Solvable Priority Schemes for
                  Decoupled Path Planning Techniques for Teams of
                  Mobile Robots},
  journal =	 {Robotics and Autonomous Systems},
  year =	 2002,
  volume =	 41,
  pages =	 {89--99},
  number =	 2
}

@INPROCEEDINGS{Berg:09,
  author =	 {Jur van den Berg and Stephen J. Guy and Ming C. Lin
                  and Dinesh Manocha},
  title =	 {Reciprocal n-body Collision Avoidance},
  booktitle =	 {The 14\textsuperscript{th} International Symposium
                  on Robotics Research},
  year =	 2009,
  month =	 may,
  publisher =	 {Springer Tracts in Advanced Robotics}
}

@INPROCEEDINGS{Berg:08,
  author =	 {van den Berg, J. and Ming Lin and Manocha, D.},
  title =	 {Reciprocal Velocity Obstacles for real-time
                  multi-agent navigation},
  booktitle =	 ICRA,
  year =	 2008,
  pages =	 {1928--1935},
  month =	 may
}

@INPROCEEDINGS{Berg:05,
  author =	 {van den Berg, J.P. and Overmars, M.H.},
  title =	 {Prioritized motion planning for multiple robots},
  booktitle =	 IROS,
  year =	 2005,
  pages =	 {430--435},
  month =	 aug,
  doi =		 {10.1109/IROS.2005.1545306},
  keywords =	 { articulated robots; coordinated motion planning;
                  free-flying robots; multiple robots; prioritized
                  motion planning; motion control; multi-robot
                  systems; path planning;}
}

@INPROCEEDINGS{Berg:12,
  author =	 {Jur van den Berg and Jamie Snape and Stephen J. Guy
                  and Dinesh Manocha},
  title =	 {Reciprocal Collision Avoidance with
                  Acceleration-Velocity Obstacles},
  booktitle =	 ICRA,
  year =	 2012,
  pages =	 {3475--3482},
  publisher =	 {IEEE}
}

@BOOK{deBerg:08,
  title =	 {Computational Geometry: Algorithms and Applications},
  publisher =	 {Springer-Verlag TELOS},
  year =	 2008,
  author =	 {Berg, Mark de and Cheong, Otfried and Kreveld, Marc
                  van and Overmars, Mark},
  address =	 {Santa Clara, CA, USA},
  edition =	 3,
  isbn =	 {3540779736, 9783540779735}
}

@BOOK{Bonabeau:99,
  title =	 {Swarm intelligence: from natural to artificial
                  systems},
  publisher =	 {Oxford University Press},
  year =	 1999,
  author =	 {Bonabeau, E. and Dorigo, M. and Theraulaz, G.},
  series =	 {Santa Fe Institute studies in the sciences of
                  complexity},
  isbn =	 9780195131598,
  lccn =	 98049821
}

@ARTICLE{Borenstein:91,
  author =	 {Borenstein, J. and Koren, Y.},
  title =	 {The vector field histogram-fast obstacle avoidance
                  for mobile robots},
  journal =	 ICRA,
  year =	 1991,
  volume =	 7,
  pages =	 {278--288},
  number =	 3,
  month =	 jun,
  doi =		 {10.1109/70.88137},
  issn =	 {1042-296X},
  keywords =	 {2D Cartesian histogram;collision
                  avoidance;data-reduction;mobile robots;obstacle
                  avoidance;vector field histogram;world model;mobile
                  robots;planning (artificial intelligence);position
                  control;}
}

@ARTICLE{Brooks:90,
  author =	 {Brooks, R. A.},
  title =	 {Solving the find-path problem by good representation
                  of free space},
  journal =	 {IEEE Systems, Man and Cybernetics},
  year =	 1983,
  pages =	 {190--197}
}

@INPROCEEDINGS{Fukunaga:95,
  author =	 {Cao, Y.U.  and Fukunaga, A.S.  and Kahng, A.B.  and
                  Meng, F.},
  title =	 {Cooperative mobile robotics: antecedents and
                  directions},
  booktitle =	 IROS,
  year =	 1995,
  volume =	 1,
  pages =	 {226--234},
  month =	 aug
}

@INPROCEEDINGS{Chaimo:04,
  author =	 { L. Chaimowicz and V. Kumar },
  title =	 {Aerial Shepherds: Coordination among {UAV}s and
                  Swarms of Robots},
  booktitle =	 { 7\textsuperscript{th} International Symposium on
                  Distributed Autonomous Robotic Systems },
  year =	 { 2004 },
  month =	 jun
}

@INPROCEEDINGS{Chaimo:05,
  author =	 {Chaimowicz, L. and Michael, N. and Kumar, V.},
  title =	 {Controlling Swarms of Robots Using Interpolated
                  Implicit Functions},
  booktitle =	 ICRA,
  year =	 2005,
  pages =	 {2498--2503}
}

@INPROCEEDINGS{Chen:12,
  author =	 {Jianing Chen and Melvin Gauci and Michael J.  Price
                  and Roderich Gro{\ss}},
  title =	 {Segregation in swarms of e-puck robots based on the
                  Brazil nut effect},
  booktitle =	 {Proc. of the 11\textsuperscript{th} Int. Conf. on
                  Auton. Agents and Multi-agent Syst.},
  year =	 2012,
  pages =	 {163--170},
}

@BOOK{Choset:05,
  title =	 {Principles of Robot Motion: Theory, Algorithms, and
                  Implementations},
  publisher =	 {MIT Press},
  year =	 2005,
  author =	 {Howie Choset and Kevin M. Lynch and Seth Hutchinson
                  and George A.  Kantor and Wolfram Burgard and Lydia
                  E. Kavraki and Sebastian Thrun},
  month =	 jun,
  booktitle =	 {Principles of Robot Motion: Theory, Algorithms, and
                  Implementations}
}

@CONFERENCE{Claes:12,
  author  = {Daniel Claes  and Daniel  Hennes and  Karl Tuyls  and Wim
                  Meeussen},
  title   =  {Multi-robot   collision   avoidance  with   localization
                  uncertainty},
  booktitle = {Autonomous Agents and Multiagent Systems },
  year = {2012},
  address = {Valencia, Spain},
  month = jun,
}

@INPROCEEDINGS{Deneubourg:91,
  author =	 {Deneubourg, J. L.  and Goss, S.  and Franks, N.  and
                  Sendova-Franks, A. and Detrain, C. and Chr{\'e}tien,
                  L.},
  title =	 {The dynamics of collective sorting robot-like ants
                  and ant-like robots},
  booktitle =	 {From animals to animats: Proc. of the
                  1\textsuperscript{st} Int. Conf. on
                  Simulation of Adaptive Behavior},
  year =	 1991,
  pages =	 {356--363},
  numpages =	 8,
}

@INPROCEEDINGS{Desaraju:11,
  author =	 {Desaraju, V.R. and How, J.P.},
  title =	 {Decentralized path planning for multi-agent teams in
                  complex environments using rapidly-exploring random
                  trees},
  booktitle =	 ICRA,
  year =	 2011,
  pages =	 {4956--4961},
  month =	 may,
  doi =		 {10.1109/ICRA.2011.5980392}
}

@INPROCEEDINGS{Dresner:05,
  author =	 {Kurt Dresner and Peter Stone},
  title =	 {Multiagent Traffic Management: An Improved
                  Intersection Control Mechanism},
  booktitle =	 {The 4\textsuperscript{th} International Joint
                  Conference on Autonomous Agents and Multiagent
                  Systems},
  year =	 2005,
  month =	 jul,
  publisher =	 {ACM Press}
}

@BOOK{Kennedy:01,
  title =	 {Swarm Intelligence},
  publisher =	 {Morgan Kaufmann},
  year =	 2001,
  author =	 {Eberhart, Russell C. and Shi, Yuhui and Kennedy,
                  James},
  series =	 {The Morgan Kaufmann Series in Artificial
                  Intelligence},
  address =	 {San Francisco, CA, USA},
  isbn =	 {978-1-55860-595-4}
}

@ARTICLE{Edelsbrunner:83,
  author =	 { Edelsbrunner, H. and Kirkpatrick, D. and Seidel,
                  R.},
  title =	 {On the shape of a set of points in the plane},
  journal =	 {IEEE Transactions on Information Theory},
  year =	 1983,
  volume =	 29,
  pages =	 {551--559},
  number =	 4,
  month =	 jul
}

@ARTICLE{Egerstedt:01,
  author =	 {Egerstedt, M. and Xiaoming Hu},
  title =	 {Formation constrained multi-agent control},
  journal =	 {IEEE Transactions on Robotics and Automation},
  year =	 2001,
  volume =	 17,
  pages =	 {947--951},
  number =	 6,
  month =	 dec
}

@INPROCEEDINGS{Erdmann:86,
  author =	 { Erdmann, M. and Lozano-Perez, T.},
  title =	 {On multiple moving objects},
  booktitle =	 ICRA,
  year =	 1986,
  volume =	 3,
  pages =	 {1419--1424},
  month =	 apr,
  doi =		 {10.1109/ROBOT.1986.1087401}
}

@ARTICLE{Fiorini:98,
  author =	 {Paolo Fiorini and Zvi Shillert},
  title =	 {Motion Planning in Dynamic Environments using
                  Velocity Obstacles},
  journal =	 {International Journal of Robotics Research},
  year =	 1998,
  volume =	 17,
  pages =	 {760--772}
}

@ARTICLE{Fox:97,
  author =	 {Fox, D. and Burgard, W. and Thrun, S.},
  title =	 {The dynamic window approach to collision avoidance},
  journal =	 {Robotics Automation Magazine, IEEE},
  year =	 1997,
  volume =	 4,
  pages =	 {23--33},
  number =	 1,
  month =	 mar,
  doi =		 {10.1109/100.580977},
  issn =	 {1070-9932},
  keywords =	 {0.95 m/s;RHINO;collision avoidance;dynamic window
                  approach;mobile robots;motion
                  dynamics;synchro-drives;mobile robots;position
                  control;synchros;}
}

@INPROCEEDINGS{Fraichard:03,
  author =	 {Fraichard, T. and Asama, H.},
  title =	 {Inevitable collision states. A step towards safer
                  robots?},
  booktitle =	 IROS,
  year =	 2003,
  volume =	 1,
  pages =	 {388--393vol.1},
  month =	 oct,
  doi =		 {10.1109/IROS.2003.1250659},
  keywords =	 { inevitable collision obstacle; inevitable collision
                  state; motion planning; robotic system; collision
                  avoidance; mobile robots;}
}

@INPROCEEDINGS{Fulgenzi:07,
  author =	 {Fulgenzi, C. and Spalanzani, A. and Laugier, C.},
  title =	 {Dynamic Obstacle Avoidance in uncertain environment
                  combining {PV}Os and Occupancy Grid},
  booktitle =	 ICRA,
  year =	 2007,
  pages =	 {1610--1616},
  month =	 apr
}

@INPROCEEDINGS{Brian:03,
  author =	 {Brian P. Gerkey and Richard T. Vaughan and Andrew
                  Howard},
  title =	 {The Player/Stage Project: Tools for Multi-Robot and
                  Distributed Sensor Systems},
  booktitle =	 {Proceedings of the 11\textsuperscript{th}
                  International Conference on Advanced Robotics},
  year =	 2003,
  pages =	 {317--323},
  __markedentry ={[vgs:6]},
  owner =	 {vgs},
  timestamp =	 {2013.06.06}
}

@INPROCEEDINGS{Gross:09,
  author =	 {Gro{\ss}, R. and Magnenat, S. and Mondada, F.},
  title =	 {Segregation in swarms of mobile robots based on the
                  Brazil nut effect},
  booktitle =	 {Proc. of the {IEEE} Int. Conf. on Intel. Robots and Systems (IROS)},
  year =	 2009,
  pages =	 {4349--4356},
  month =	 oct,
  __markedentry ={[vgs:6]},
  owner =	 {vgs},
  timestamp =	 {2013.06.06}
}

@ARTICLE{Grossman:88,
  author =	 {Grossman, D.D.},
  title =	 {Traffic control of multiple robot vehicles},
  journal =	 {IEEE Journal of Robotics and Automation},
  year =	 1988,
  volume =	 4,
  pages =	 {491--497},
  number =	 5,
  month =	 oct
}

@INPROCEEDINGS{Guy:09,
  author =	 {Guy, Stephen. J. and Chhugani, Jatin and Kim,
                  Changkyu and Satish, Nadathur and Lin, Ming and
                  Manocha, Dinesh and Dubey, Pradeep},
  title =	 {ClearPath: highly parallel collision avoidance for
                  multi-agent simulation},
  booktitle =	 {Proceedings of the ACM SIGGRAPH/Eurographics
                  Symposium on Computer Animation},
  year =	 2009,
  pages =	 {177--187},
  address =	 {New York, NY, USA},
  publisher =	 {ACM},
  acmid =	 1599494
}

@INPROCEEDINGS{He:13,
  author =	 {Liang He and Jur van den Berg},
  title =	 {Meso-Scale Planning for Multi-Agent Navigation},
  booktitle =	 ICRA,
  year =	 2013,
  note =	 {To appear},
}

@INPROCEEDINGS{Hou:09,
  author =	 {Hou, S.P. and Cheah, C.C. and Slotine, J.J.E.},
  title =	 {Dynamic region following formation control for a
                  swarm of robots},
  booktitle =	 ICRA,
  year =	 2009,
  pages =	 {1929--1934},
  month =	 may
}

@INPROCEEDINGS{Howard:02,
  author =	 {Howard, A and Mataric, M. and Sukhatme, G.},
  title =	 {Mobile Sensor Network Deployment Using Potential
                  Fields: A Distributd, Scalable Solution to the Area
                  Coverage Problem},
  booktitle =	 {Proceedings of the 6\textsuperscript{th}
                  International Symposium on Distributed Autonomous
                  Robotic Systems},
  year =	 2002
}

@INPROCEEDINGS{Kamphuis:04a,
  author =	 {Kamphuis, A. and Overmars, M.H.},
  title =	 {Motion planning for coherent groups of entities},
  booktitle =	 ICRA,
  year =	 2004,
  volume =	 4,
  pages =	 {3815--3822},
  month =	 may
}

@INPROCEEDINGS{Kamphuis:04b,
  author =	 {Kamphuis, A. and Overmars, M. H.},
  title =	 {Finding paths for coherent groups using clearance},
  booktitle =	 {Proceedings of the ACM SIGGRAPH/Eurographics
                  Symposium on Computer Animation},
  year =	 2004,
  pages =	 {19--28}
}

@ARTICLE{Kant:86,
  author =	 {Kant, K and Zucker, S W},
  title =	 {Toward efficient trajectory planning: the
                  path-velocity decomposition},
  journal =	 {Int. J. Rob. Res.},
  year =	 1986,
  volume =	 5,
  pages =	 {72--89},
  number =	 3,
  month =	 sep,
  acmid =	 9360,
  address =	 {Thousand Oaks, CA, USA},
  doi =		 {10.1177/027836498600500304},
  issn =	 {0278-3649},
  issue_date =	 {Fall 1986},
  numpages =	 18,
  publisher =	 {Sage Publications, Inc.}
}

@ARTICLE{Karaman:11,
  author =	 {Karaman and Frazzoli},
  title =	 {Sampling-based Algorithms for Optimal Motion
                  Planning},
  journal =	 {International Journal of Robotics Research},
  year =	 2011,
  volume =	 30,
  pages =	 {846--894},
  number =	 7,
  month =	 jun,
  date-modified ={2011-10-05 19:04:22 +0000}
}

@INPROCEEDINGS{Kato:92,
  author =	 {Kato, S. and Nishiyama, S. and Takeno, J.},
  title =	 {Coordinating Mobile Robots By Applying Traffic
                  Rules},
  booktitle =	 IROS,
  year =	 1992,
  volume =	 3,
  pages =	 {1535--1541},
  month =	 jul
}

@ARTICLE{Kavraki:96,
  author =	 {Kavraki, L.E. and Svestka, P. and Latombe, J.-C.
                  and Overmars, M.H.},
  title =	 {Probabilistic roadmaps for path planning in
                  high-dimensional configuration spaces},
  journal =	 ICRA,
  year =	 1996,
  volume =	 12,
  pages =	 {566--580},
  number =	 4,
  month =	 aug,
  doi =		 {10.1109/70.508439},
  issn =	 {1042-296X},
  keywords =	 {collision-free configurations;goal
                  configurations;graph;high-dimensional configuration
                  spaces;holonomic robot;learning phase;local
                  planner;motion planning;multi-DOF planar articulated
                  robots;path planning;probabilistic roadmaps;query
                  phase;robots;start configurations;static
                  workspaces;graph theory;learning (artificial
                  intelligence);mobile robots;path
                  planning;probability;}
}

@INPROCEEDINGS{Khatib:95,
  author =	 {Khatib, M. and Chatila, R.},
  title =	 {An Extended Potential Field Approach for Mobile
                  Robot Sensor-Based Motions},
  booktitle =	 {Proceedings of the Intelligent Autonomous Systems},
  year =	 1995,
  pages =	 {490--496},
  month =	 mar
}

@INPROCEEDINGS{Khatib:85,
  author =	 { Khatib, O.},
  title =	 {Real-time obstacle avoidance for manipulators and
                  mobile robots},
  booktitle =	 ICRA,
  year =	 1985,
  volume =	 2,
  pages =	 {500--505},
  month =	 mar,
  doi =		 {10.1109/ROBOT.1985.1087247}
}

@INPROCEEDINGS{Kimmel:12,
  author =	 {Kimmel, Andrew and Dobson, Andrew and Bekris,
                  Kostas},
  title =	 {Maintaining team coherence under the velocity
                  obstacle framework},
  booktitle =	 {Proceedings of the 11\textsuperscript{th}
                  International Conference on Autonomous Agents and
                  Multiagent Systems},
  year =	 2012,
  volume =	 1,
  pages =	 {247--256},
  __markedentry ={[vgs:6]},
  owner =	 {vgs},
  timestamp =	 {2013.06.06}
}

@ARTICLE{Kumar:10,
  author =	 {Kumar, M. and Garg, D.P. and Kumar, V.},
  title =	 {Segregation of Heterogeneous Units in a Swarm of
                  Robotic Agents},
  journal =	 {IEEE Transactions on Automatic Control},
  year =	 2010,
  volume =	 55,
  pages =	 {743--748},
  number =	 3,
  month =	 mar
}

@ARTICLE{LaValle:98,
  author =	 {LaValle, S.M. and Hutchinson, S.A.},
  title =	 {Optimal motion planning for multiple robots having
                  independent goals},
  journal =	 ICRA,
  year =	 1998,
  volume =	 14,
  pages =	 {912--925},
  number =	 6,
  month =	 dec,
  doi =		 {10.1109/70.736775},
  issn =	 {1042-296X},
  keywords =	 {centralized planning;decoupled planning;game
                  theory;geometric motion planning;mobile
                  robots;multiobjective optimization;multiple
                  robots;obstacle avoidance;path
                  planning;roadmaps;game theory;mobile
                  robots;multi-robot systems;optimisation;path
                  planning;}
}

@BOOK{LaValle:06,
  title =	 {Planning Algorithms},
  publisher =	 {Cambridge University Press},
  year =	 2006,
  author =	 {S. M. LaValle},
  address =	 {Cambridge, U.K.},
  note =	 {Also available at http://planning.cs.uiuc.edu/}
}

@ARTICLE{LaValle:01,
  author =	 {Steven M. LaValle and James J. Kuffner Jr.},
  title =	 {Randomized Kinodynamic Planning},
  journal =	 {International Journal of Robotic Research},
  year =	 2001,
  volume =	 20,
  pages =	 {378--400},
  number =	 5
}

@INPROCEEDINGS{Tsai:03,
  author =	 {Tsai-Yen Li and Hsu-Chi Chou},
  title =	 {Motion planning for a crowd of robots},
  booktitle =	 ICRA,
  year =	 2003,
  volume =	 3,
  pages =	 {4215--4221},
  month =	 sep
}

@INPROCEEDINGS{Lien:04,
  author =	 {Lien, J.-M.  and Bayazit, O.B.  and Sowell, R.T.
                  and Rodriguez, S.  and Amato, N.M.},
  title =	 {Shepherding behaviors},
  booktitle =	 ICRA,
  year =	 2004,
  pages =	 {4159--4164}
}

@ARTICLE{Lozano:83,
  author =	 {Lozano-Perez, T.},
  title =	 {Spatial Planning: A Configuration Space Approach},
  journal =	 {Computers, IEEE Transactions on},
  year =	 1983,
  volume =	 {C-32},
  pages =	 {108--120},
  number =	 2,
  month =	 feb,
  doi =		 {10.1109/TC.1983.1676196},
  issn =	 {0018-9340},
  keywords =	 {Computational geometry;obstacle avoidance;robotics;}
}

@INPROCEEDINGS{DeLuca:00,
  author =	 {A. De Luca and G. Oriolo and M. Vendittelli},
  title =	 {Stabilization of the unicycle via dynamic feedback
                  linearization},
  booktitle =	 {6th IFAC Symposium on Robot Control},
  year =	 2000,
  pages =	 {397--402},
  __markedentry ={[vgs:6]},
  location =	 {Vienna, A},
  owner =	 {vgs},
  timestamp =	 {2013.06.06}
}

@INPROCEEDINGS{Marcolino:09a,
  author =	 {Marcolino, L.S. and Chaimowicz, L.},
  title =	 {Traffic control for a swarm of robots: Avoiding
                  target congestion},
  booktitle =	 IROS,
  year =	 2009,
  pages =	 {1955--1961},
  month =	 oct
}

@INPROCEEDINGS{Marcolino:09b,
  author =	 {Marcolino, L.S. and Chaimowicz, L.},
  title =	 {Traffic control for a swarm of robots: Avoiding
                  group conflicts},
  booktitle =	 IROS,
  year =	 2009,
  pages =	 {1949--1954},
  month =	 oct
}

@INPROCEEDINGS{Medio:91,
  author =	 {C. de Medio and G. Oriolo},
  title =	 {Robot obstacle avoidance using vortex fields},
  booktitle =	 {Advances in Robot Kynematics},
  year =	 1991,
  pages =	 {227--235},
  publisher =	 {S.  Stifter and J.  Lenar\v{c}i\v{c} (Eds.),
                  Springer-Verlag},
  __markedentry ={[vgs:6]},
  owner =	 {vgs},
  timestamp =	 {2013.06.06}
}

@INPROCEEDINGS{Michael:06,
  author =	 {Michael, N. and Belta, C. and Kumar, V.},
  title =	 {Controlling three dimensional swarms of robots},
  booktitle =	 ICRA,
  year =	 2006,
  pages =	 {964--969},
  month =	 may
}

@INPROCEEDINGS{Cianci:06,
  author =	 {Mondada, F. and Bonani, M. and Raemy, X. and Pugh,
                  J. and Cianci, C. and Klaptocz, A. and Magnenat,
                  S. and Zufferey, J.-C. and Floreano, D. and
                  Martinoli, A.},
  title =	 {The e-puck, a Robot Designed for Education in
                  Engineering},
  booktitle =	 {Proceedings of the 9\textsuperscript{th} Conference
                  on Autonomous Robot Systems and Competitions},
  year =	 2009,
  volume =	 1,
  pages =	 {59--65},
  __markedentry ={[vgs:6]},
  owner =	 {vgs},
  timestamp =	 {2013.06.06}
}

@INPROCEEDINGS{ODonnel:89,
  author =	 {O'Donnell, P.A. and Lozano-Perez, T.},
  title =	 {Deadlock-free and collision-free coordination of two
                  robot manipulators},
  booktitle =	 ICRA,
  year =	 1989,
  pages =	 {484--489vol.1},
  month =	 may,
  doi =		 {10.1109/ROBOT.1989.100033},
  keywords =	 {collision avoidance;collision-free
                  coordination;deadlock-free coordination;position
                  control;robot manipulators;position control;robots;}
}

@INPROCEEDINGS{Parker:08,
  author =	 {Lynne E. Parker},
  title =	 {Distributed intelligence: overview of the field and
                  its application in multi-Robot Systems},
  booktitle =	 {Journal of Physical Agents},
  year =	 2008,
  volume =	 2,
  pages =	 {5--14}
}

@INPROCEEDINGS{Reif:79,
  author =	 {Reif, John H.},
  title =	 {Complexity of the mover's problem and
                  generalizations},
  booktitle =	 {Proceedings of the 20\textsuperscript{th} Annual
                  Symposium on Foundations of Computer Science},
  year =	 1979,
  pages =	 {421--427},
  address =	 {Washington, DC, USA},
  publisher =	 {IEEE Computer Society},
  acmid =	 1382641,
  doi =		 {10.1109/SFCS.1979.10},
  numpages =	 7,
  url =		 {http://dl.acm.org/citation.cfm?id=1398508.1382641}
}

@ARTICLE{Reif:99,
  author =	 {John H. Reif and Hongyan Wang},
  title =	 {Social potential fields: A distributed behavioral
                  control for autonomous robots},
  journal =	 {Robotics and Autonomous Systems},
  year =	 1999,
  volume =	 27,
  pages =	 {171--194},
  number =	 3
}

@INPROCEEDINGS{Reynolds:87,
  author =	 {Craig W. Reynolds},
  title =	 {Flocks, Herds, and Schools: A Distributed Behavioral
                  Model},
  booktitle =	 {Computer Graphics},
  year =	 1987,
  pages =	 {25--34}
}

@BOOK{Russell:03,
  title =	 {Artificial Intelligence: A Modern Approach},
  publisher =	 {Prentice-Hall, Englewood Cliffs, NJ},
  year =	 2003,
  author =	 {Stuart Russell and Peter Norvig},
  edition =	 {2nd edition}
}

@INPROCEEDINGS{Saha:06,
  author =	 {Saha, M. and Isto, P.},
  title =	 {Multi-Robot Motion Planning by Incremental
                  Coordination},
  booktitle =	 IROS,
  year =	 2006,
  pages =	 {5960--5963},
  month =	 oct,
  doi =		 {10.1109/IROS.2006.282536},
  keywords =	 {centralized planning;decoupled planning;incremental
                  coordination;multi-robot motion
                  planning;reliability;centralised control;multi-robot
                  systems;path planning;reliability;}
}

@INPROCEEDINGS{Santos:12,
  author =	 {Santos, Vinicius and Campos, Mario and Chaimowicz,
                  Luiz},
  title =	 {On segregative behaviors using flocking and velocity
                  obstacles},
  booktitle =	 {Proc. of the 11\textsuperscript{th}
                  Int. Symp. on Distributed Autonomous
                  Robotic Systems},
  year =	 2012,
  month =	 nov
}

@INPROCEEDINGS{Santos:11a,
  author =	 {Santos, Vinicius and Chaimowicz, Luiz},
  title =	 {Hierarchical congestion control for robotic swarms},
  booktitle =	 IROS,
  year =	 2011,
  pages =	 {4372--4377},
  month =	 sep
}

@inproceedings{Santos:11b,
  author = {Vinicius Santos and Luiz Chaimowicz},
  title = {Uso de Hierarquias no Controle de Enxames Rob\'{o}ticos},
  booktitle = {Anais do X Simp. Brasileiro de Automa\c{c}\~{a}o Inteligente},
  year = {2011},
  pages = {557-562},
  url = {http://www.sbai2011.ufsj.edu.br}
}

@INPROCEEDINGS{Shiller:01,
  author =	 {Shiller, Z. and Large, F. and Sekhavat, S.},
  title =	 {Motion planning in dynamic environments: obstacles
                  moving along arbitrary trajectories},
  booktitle =	 ICRA,
  year =	 2001,
  volume =	 4,
  pages =	 {3716--3721vol.4},
  doi =		 {10.1109/ROBOT.2001.933196},
  issn =	 {1050-4729 },
  keywords =	 { dynamic environments; mobile robots; motion
                  planning; moving obstacle; nonlinear velocity
                  obstacle; obstacle avoidance; collision avoidance;
                  mobile robots; nonlinear systems; path planning;}
}

@BOOK{Siegwart:04,
  title =	 {Introduction to Autonomous Mobile Robots},
  publisher =	 {Bradford Company},
  year =	 2004,
  author =	 {Siegwart, Roland and Nourbakhsh, Illah R.},
  address =	 {Scituate, MA, USA},
  isbn =	 {026219502X}
}

@ARTICLE{Snape:11,
  author =	 {Snape, J. and van den Berg, J. and Guy, S.J. and
                  Manocha, D.},
  title =	 {The Hybrid Reciprocal Velocity Obstacle},
  journal =	 {IEEE Transactions on Robotics},
  year =	 2011,
  volume =	 27,
  pages =	 {696--706},
  number =	 4,
  month =	 aug
}

@INPROCEEDINGS{Lewis:96,
  author =	 {Kar-Han Tan and Lewis, M.A.},
  title =	 {Virtual structures for high-precision cooperative
                  mobile robotic control},
  booktitle =	 IROS,
  year =	 1996,
  volume =	 1,
  pages =	 {132--139},
  month =	 nov
}

@ARTICLE{Tanner:04,
  author =	 {Tanner, H.G. and Pappas, G.J. and Kumar, V.},
  journal =	 IEEE_J_RA,
  title =	 {Leader-to-formation stability},
  year =	 2004,
  volume =	 20,
  number =	 3,
  pages =	 {443-455},
}


@ARTICLE{Tanner:07,
  author =	 {Tanner, H. G. and Jadbabaie, A. and Pappas, G. J.},
  title =	 {Flocking in Fixed and Switching Networks},
  journal =	 {IEEE Transactions on Automatic Control},
  year =	 2007,
  volume =	 52,
  pages =	 {863--868},
  number =	 5,
  month =	 may
}


@INPROCEEDINGS{Turpin:12,
  author =	 {Turpin, M. and Michael, N. and Kumar, V.},
  title =	 {Trajectory planning and assignment in multirobot
                  systems},
  booktitle =	 {Workshop on the Algorithmic Foundations of Robotics},
  year =	 2012,
  address =	 {Boston, MA},
  month =	 jun
}

@INPROCEEDINGS{Turpin:13,
  author =	 {Turpin, M. and Michael, N. and Kumar, V.},
  title =	 {Concurrent Assignment and Planning of Trajectories
                  for Large Teams of Interchangeable Robots},
  booktitle =	 ICRA,
  year =	 2013,
  pages =	 {834 -- 840},
  month =	 may
}


@INPROCEEDINGS{Viswanath:07,
  author =	 {K. Viswanath and M. Krishna},
  title =	 {Sensor Network Mediated Multi Robotic Traffic
                  Control in Indoor Environments},
  booktitle =	 {Proceedings of the International Conference on
                  Advanced Robotics},
  year =	 2007,
  month =	 oct
}

@INPROCEEDINGS{Warren:90,
  author =	 {Warren, C.W.},
  title =	 {Multiple robot path coordination using artificial
                  potential fields},
  booktitle =	 ICRA,
  year =	 1990,
  pages =	 {500--505vol.1},
  month =	 may,
  doi =		 {10.1109/ROBOT.1990.126028},
  keywords =	 {artificial potential fields;c-span-time;mobile
                  robots;moving obstacle;path coordination;stationary
                  obstacles;trajectory planning;mobile robots;planning
                  (artificial intelligence);}
}

@INPROCEEDINGS{Wilkie:09,
  author =	 {Wilkie, D. and van den Berg, J. and Manocha, D.},
  title =	 {Generalized velocity obstacles},
  booktitle =	 IROS,
  year =	 2009,
  pages =	 {5573--5578},
  month =	 oct,
  doi =		 {10.1109/IROS.2009.5354175},
  keywords =	 {car-like robot dynamic;dynamic obstacles;generalized
                  velocity obstacles;real-time navigation;robot
                  dynamics;}
}

@book{Latombe:91,
  author =	 {Latombe, Jean-Claude},
  title =	 {Robot Motion Planning},
  year =	 1991,
  isbn =	 {079239206X},
  publisher =	 {Kluwer Academic Publishers},
  address =	 {Norwell, MA, USA},
}

@ARTICLE{Kloder:06,
  author =	 {Kloder, S. and Hutchinson, S.},
  journal =	 {IEEE Transactions on Robotics},
  title =	 {Path planning for permutation-invariant multirobot
                  formations},
  year =	 2006,
  volume =	 22,
  number =	 4,
  pages =	 {650-665},
  doi =		 {10.1109/TRO.2006.878952},
  ISSN =	 {1552-3098},
}

@article{Dijkstra:59,
  author =	 {Dijkstra, E. W.},
  title =	 {A note on two problems in connexion with graphs.},
  year =	 1959,
  journal =	 {Numerische Mathematik},
  volume =	 1,
  pages =	 {269--271},
}

@ARTICLE{Hart:68,
  author =	 {Hart, P.E. and Nilsson, N.J. and Raphael, B.},
  journal =	 {Systems Science and Cybernetics, IEEE Transactions
                  on},
  title =	 {A Formal Basis for the Heuristic Determination of
                  Minimum Cost Paths},
  year =	 1968,
  volume =	 4,
  number =	 2,
  pages =	 {100-107},
  doi =		 {10.1109/TSSC.1968.300136},
  ISSN =	 {0536-1567},
}

@techport{Stentz:93,
   author = {Stentz, A.},
   title  =  {Optimal and  Efficient  Path  Planning  for Unknown  and
                  Dynamic Environments},
   booktitle = {Tech Report},
   institution = {Robotics Institute},
   year = {1993},
   number= {CMU-RI-TR-93-20},
}

@INPROCEEDINGS{Wagner:11,
  author =	 {Wagner, Glenn and Choset, H.},
  booktitle =	 IROS,
  title =	 {M*: A complete multirobot path planning algorithm
                  with performance bounds},
  year =	 2011,
  pages =	 {3260-3267},
  doi =		 {10.1109/IROS.2011.6095022},
  ISSN =	 {2153-0858},
}

@INPROCEEDINGS{Wagner:12,
  author =	 {Wagner, Glenn and Minsu Kang and Choset, H.},
  booktitle =	 ICRA,
  title =	 {Probabilistic path planning for multiple robots with
                  subdimensional expansion},
  year =	 2012,
  month =	 may,
  pages =	 {2886-2892},
}

@INPROCEEDINGS{Ferner:13,
  author =	 {Ferner, C. and Wagner, G. and Choset, H.},
  booktitle =	 ICRA,
  title =	 {ODrM*: Optimal Multirobot Path Planning in Low
                  Dimensional Search Spaces},
  year =	 2013,
  month =	 may,
  pages =	 {3839--3844},
}

@ARTICLE{Balch:98,
  author =	 {Balch, T. and Arkin, R.C.},
  journal =	 {IEEE Transactions on Robotics and Automation},
  title =	 {Behavior-based formation control for multirobot
                  teams},
  year =	 1998,
  volume =	 14,
  number =	 6,
  pages =	 {926-939},
}

@INPROCEEDINGS{Leonard:01,
  author =	 {Leonard, N.E. and Fiorelli, E.},
  booktitle =	 {Proceedings of the 40th IEEE Conference on Decision
                  and Control},
  title =	 {Virtual leaders, artificial potentials and
                  coordinated control of groups},
  year =	 2001,
  volume =	 3,
  pages =	 {2968--2973},
}

@ARTICLE{Olfati-Saber:06,
  author =	 {Olfati-Saber, R.},
  journal =	 {{IEEE} Transactions on Automatic Control},
  title =	 {Flocking for multi-agent dynamic systems: algorithms
                  and theory},
  year =	 2006,
  volume =	 51,
  number =	 3,
  pages =	 {401--420},
}

@ARTICLE{Steinberg:63,
  author =	 {M. S. Steinberg},
  journal =	 {Science},
  title =	 {Reconstruction of tissues by dissociated cells},
  volume =	 141,
  pages =	 {401--408},
  year =	 1963,
}

@INPROCEEDINGS{Koren:91,
  author =	 {Koren, Y. and Borenstein, J.},
  booktitle =	 ICRA,
  title =	 {Potential field methods and their inherent
                  limitations for mobile robot navigation},
  year =	 1991,
  pages =	 {1398---1404},
}

@ARTICLE{Pimenta:13,
  author =	 {Pimenta, L.C.A. and Pereira, G.A.S. and Michael,
                  N. and Mesquita, R.C. and Bosque, M.M. and
                  Chaimowicz, L. and Kumar, V.},
  journal =	 {IEEE Transactions on Robotics},
  title =	 {Swarm Coordination Based on Smoothed Particle
                  Hydrodynamics Technique},
  year =	 2013,
  volume =	 29,
  number =	 2,
  pages =	 {383-399},
}

@article{Eduard:12,
  AUTHOR =	 {Eduard, B. and Wilkinson, D. G.},
  TITLE =	 {Molecular mechanisms of cell segregation and
                  boundary formation in development and
                  tumorigenesis.},
  JOURNAL =	 {Cold Spring Harb. Perspect. Biol.},
  VOLUME =	 4,
  YEAR =	 2012,
  NUMBER =	 1,
  PAGES =	 {1--14},
}

@article{Franks:92,
  author =	 {Franks, N. and Sendova-Franks, A.},
  journal =	 {Behavioral Ecology and Sociobiology},
  month =	 mar,
  number =	 2,
  pages =	 {109--123},
  title =	 {Brood sorting by ants: distributing the workload
                  over the work-surface},
  volume =	 30,
  year =	 1992,
}
